@InProceedings{gentry:total,
  author =       {Craig Gentry and Shai Halevi},
  title =        {Implementing Gentry's Fully-Homomorphic Encryption
                  Scheme},
  booktitle =    {Advances in Cryptology - {EUROCRYPT} 2011 - 30th
                  Annual International Conference on the Theory and
                  Applications of Cryptographic Techniques, Tallinn,
                  Estonia, May 15-19, 2011. Proceedings},
  pages =        {129--148},
  year =         2011,
  url =          {http://dx.doi.org/10.1007/978-3-642-20465-4_9},
  doi =          {10.1007/978-3-642-20465-4_9}
}

@phdThesis{rc:these,
	author 	= 	{Ronan Cherrueau},
	title 	= 	{Un langage de composition des
	techniques de sécurité pour préserver
	la vie privée dans le nuage},
	school 	= 	{Université Nantes Angers le Mans},
	year	=	2016,
	month	= 	{novembre},
	address	= 	{École des mines de Nantes - 4 rue Alfred Kaster - Nantes - France}
	}

@InProceedings{OurySwierstra,
	author =       {Nicolas Oury and Wouter Swierstra},
	title =        {The power of Pi},
	booktitle =    {Proceeding of the 13th {ACM} {SIGPLAN} international
	conference on Functional programming, {ICFP} 2008,
	Victoria, BC, Canada, September 20-28, 2008},
	pages =        {39--50},
	year =         2008,
	url =          {http://doi.acm.org/10.1145/1411204.1411213},
	doi =          {10.1145/1411204.1411213}
}

@InProceedings{aggar,
	author =       {Gagan Aggarwal and Mayank Bawa and Prasanna Ganesan
	and Hector Garcia{-}Molina and Krishnaram Kenthapadi
	and Rajeev Motwani and Utkarsh Srivastava and Dilys
	Thomas and Ying Xu},
	title =        {Two Can Keep {A} Secret: {A} Distributed
	Architecture for Secure Database Services},
	booktitle =    {{CIDR}},
	pages =        {186--199},
	year =         2005,
	url =          {http://www.cidrdb.org/cidr2005/papers/P16.pdf}
}

@book{ullman,
	author =       {Jeffrey D. Ullman},
	title =        {Principles of Database Systems, 2nd Edition},
	publisher =    {Computer Science Press},
	year =         1982,
	isbn =         {0-914894-36-6},
	pages =        {224,228,231,241,272}
}